@book{BigData,
	title={Introduction to Big Data},
	author={Ahmed Elragal},
	year={2020},
	publisher={Pearson}
}

@book{DataScience,
	title={Introduction to Data Science},
	author={Author Author},
	year={2025},
	publisher={Publisher}
}
